<?xml version="1.0" encoding="UTF-8"?><collection xmlns="http://www.loc.gov/MARC21/slim"><record><leader>00390nam--2200133-i-4500</leader><controlfield tag="001">000038458</controlfield><controlfield tag="002">20161230</controlfield><controlfield tag="005">20161230201041</controlfield><controlfield tag="008">060222s1000------------r-----000-0-eng-d</controlfield><datafield ind1=" " ind2=" " tag="100"><subfield code="a">Reddish,A. And Swift-hook,D.T</subfield></datafield><datafield ind1=" " ind2=" " tag="245"><subfield code="a">Cyclotron resonance and the generatiion of millimeter waves</subfield></datafield><datafield ind1=" " ind2=" " tag="260"><subfield code="a">New York, Polytechnic Inst.Of Brooklyn, 1959. 17 P</subfield></datafield><datafield ind1=" " ind2=" " tag="490"><subfield code="a">Communicatiio</subfield></datafield><datafield ind1=" " ind2=" " tag="852"><subfield code="a">15513</subfield></datafield></record></collection>